@inproceedings{zuniga2017automatic,
  title={Automatic Computation of Poetic Creativity in Parallel Corpora},
  author={Zu{\~n}iga, Daniel F and Amido, Teresa and Camargo, Jorge E},
  booktitle={Colombian Conference on Computing},
  pages={710--720},
  year={2017},
  organization={Springer}
}


@inproceedings{danlos1987linguistic,
  title={The linguistic basis of text generation},
  author={Danlos, Laurence},
  booktitle={Proceedings of the third conference on European chapter of the Association for Computational Linguistics},
  pages={1--1},
  year={1987}
}


@inproceedings{delmonte2013computing,
  title={Computing Poetry Style.},
  author={Delmonte, Rodolfo},
  booktitle={ESSEM@ AI* IA},
  pages={148--155},
  year={2013}
}


@inproceedings{eijembaum2010teoria,
  title={La teor{\'\i}a del" m{\'e}todo formal"},
  author={Eijembaum, Boris},
  booktitle={Textos de teor{\'\i}as y cr{\'\i}tica literarias:(del formalismo a los estudios postcoloniales)},
  pages={33--62},
  year={2010},
  organization={Anthropos}
}

@book{jakobson1981linguistica,
  title={Ling{\"u}{\'\i}stica y po{\'e}tica},
  author={Jakobson, Roman and Cabello, Ana Mar{\'\i}a Guti{\'e}rrez},
  year={1981},
  publisher={C{\'a}tedra Espa{\~n}a}
}



@book{gelbukh2004,
  title={Computational Linguistics: Models, Resources, Applications},
  author={Igor A. Bolshakov and Alexander Gelbukh},
  year={1981},
  publisher={Mexico City: Centro de Investigacio{\'\o}n en Computaci{\'\o}n, Instituto Polit{\'\e}cnico Nacional}
}

@book{indurkhya2010handbook,
  title={Handbook of natural language processing},
  author={Indurkhya, Nitin and Damerau, Fred J},
  volume={2},
  year={2010},
  publisher={CRC Press}
}


@article{chuit2019epistemologia,
  title={Epistemolog{\'\i}a de la teor{\'\i}a literaria: objeto y m{\'e}todo en el formalismo ruso},
  author={Chuit-Roganovich, Roberto},
  journal={Aisthesis},
  number={66},
  pages={13--35},
  year={2019},
  publisher={Pontificia Universidad Cat{\'o}lica de Chile, Facultad de Filosof{\'\i}a, Instituto~â€¦}
}


@article{van2019vector,
  title={Vector space explorations of literary language},
  author={van Cranenburgh, Andreas and van Dalen-Oskam, Karina and van Zundert, Joris},
  journal={Language Resources and Evaluation},
  volume={53},
  number={4},
  pages={625--650},
  year={2019},
  publisher={Springer}
}


@article{alonso1945curso,
  title={Curso de ling{\"u}{\'\i}stica general},
  author={De Saussure, Ferdinand},
  journal={Buenos Aires: Losada. Original de Ferdinand de},
  year={1945}
}
@book{bird2009natural,
  title={Natural language processing with Python: analyzing text with the natural language toolkit},
  author={Bird, Steven and Klein, Ewan and Loper, Edward},
  year={2009},
  publisher={" O'Reilly Media, Inc."}
}


@inproceedings{delmonte2005venses,
  title={Venses--a linguistically-based system for semantic evaluation},
  author={Delmonte, Rodolfo and Tonelli, Sara and Boniforti, Marco Aldo Piccolino and Bristot, Antonella},
  booktitle={Machine Learning Challenges Workshop},
  pages={344--371},
  year={2005},
  organization={Springer}
}

@article{kaplan2006computational,
  title={Computational analysis and visualized comparison of style in American poetry},
  author={Kaplan, D},
  journal={Unpublished undergraduate thesis},
  year={2006}
}
